
@MISC{ocp:spec,
  author = {{OCP International Partnership}},
  title = {{O}pen {C}ore {P}rotocol Specification, Release 3.0},
  year = {2009}
}


@misc{patmos-handbook,
   author = {Martin Schoeberl and Florian Brandner and Stefan Hepp and Wolfgang Puffitsch and Daniel Prokesch},
   title = {Patmos Reference Handbook}
}
