% please place your additional references into this file (or
% your own) and not into msbib.bib, as this is generated.

@book{FFY05,
  author = {Fisher, Joseph A. and Faraboschi, Paolo and Young Cliff},
  title = {Embedded Computing: A {VLIW} Approach to Architecture, Compilers and Tools},
  publisher = {Morgan Kaufmann (Elsevier)},
  year = {2005},
}

@inproceedings{FK09,
  author    = {Falk, Heiko  and Kleinsorge, Jan C.},
  title     = {Optimal static {WCET}-aware scratchpad allocation of program
               code},
  booktitle = {DAC '09: Proceedings of the Conference on Design Automation},
  year      = {2009},
  pages     = {732-737},
}

@article {FL10,
   author = {Falk, Heiko and Lokuciejewski, Paul},
   affiliation = {TU Dortmund University Computer Science 12 44221 Dortmund Germany},
   title = {A compiler framework for the reduction of worst-case execution times},
   journal = {Real-Time Systems},
   publisher = {Springer Netherlands},
   issn = {0922-6443},
   keyword = {Computer Science},
   pages = {1-50},
   url = {http://dx.doi.org/10.1007/s11241-010-9101-x},
   year = {2010}
}

@article {ZKWHM06,
   author = {Zhao, Wankang and Kreahling, William and Whalley, David and Healy, Christopher and Mueller, Frank},
   affiliation = {Florida State University Computer Science Department USA USA},
   title = {Improving {WCET} by applying worst-case path optimizations},
   journal = {Real-Time Systems},
   publisher = {Springer Netherlands},
   issn = {0922-6443},
   keyword = {Computer Science},
   pages = {129-152},
   volume = {34},
   issue = {2},
   url = {http://dx.doi.org/10.1007/s11241-006-8643-4},
   year = {2006}
}

@INPROCEEDINGS{October97worst-caseexecution,
    author = {Jakob Engblom},
    title = {Worst-Case Execution Time Analysis for Optimized Code},
    booktitle = {In Proceedings of the 10th Euromicro Workshop on Real-Time Systems},
    year = {1997},
    pages = {146--153}
}

@INPROCEEDINGS{kirner:transformation,
AUTHOR = "Raimund Kirner and Peter P. Puschner",
TITLE = "Transformation of Path Information for WCET Analysis during Compilation",
booktitle = "In Proc. of 13th Euromicro
Conference on Real-Time Systems",
PAGES = {29-36},
YEAR = {2001}  }

@INPROCEEDINGS{Zhao05improvingwcet,
    author = {Wankang Zhao and William Kreahling and David Whalley and Christopher Healy and Frank Mueller},
    title = {Improving WCET by optimizing worst-case paths},
    booktitle = {in IEEE Real-Time and Embedded Technology and Applications Symposium},
    year = {2005},
    pages = {138--147}
}

@INPROCEEDINGS{Zhao04tuningthe,
    author = {Wankang Zhao and Prasad Kulkarni and David Whalley and Christopher Healy and Frank Mueller and Gang-ryung Uh},
    title = {Tuning the wcet of embedded applications},
    booktitle = {In 10th IEEE Real-Time and Embedded Technology and Applications Symposium},
    year = {2004},
    pages = {472--481}
}

@INPROCEEDINGS{whitham:IEEE:2010,
  author = {Whitham, Jack and Audsley, Neil},
  title = {Time-predictable Out-of-order Execution for Hard Real-time Systems},
  booktitle = {IEEE Transactions on Computers, Vol.59 Issue.9},
  year = {2010},
  pages = {1210-1222},
  month = {September},
  doi = {10.1109/TC.2010.109},
  issn = {0018-9340}
}

@INPROCEEDINGS{Dehnert03thetransmeta,
    author = {James C. Dehnert and Brian K. Grant and John P. Banning and Richard Johnson and Thomas Kistler and Er Klaiber and Jim Mattson},
    title = {The Transmeta Code Morphing Software: Using Speculation, Recovery, and Adaptive Retranslation to Address Real-Life Challenges},
    booktitle = {},
    year = {2003},
    pages = {15--24},
    publisher = {IEEE Computer Society}
}
